<?xml version="1.0" encoding="UTF-8"?><collection xmlns="http://www.loc.gov/MARC21/slim"><record><leader>00283nam--2200121-i-4500</leader><controlfield tag="001">000042647</controlfield><controlfield tag="002">20161230</controlfield><controlfield tag="005">20161230201043</controlfield><controlfield tag="008">060222s1000------------r-----000-0-eng-d</controlfield><datafield ind1=" " ind2=" " tag="100"><subfield code="a">Stanescu,N. Si Titeica</subfield></datafield><datafield ind1=" " ind2=" " tag="245"><subfield code="a">Fizica</subfield></datafield><datafield ind1=" " ind2=" " tag="260"><subfield code="a">Bucuresti, Ed.Tehnica, 1957. 472 P</subfield></datafield><datafield ind1=" " ind2=" " tag="852"><subfield code="a">4683</subfield></datafield></record></collection>